@ARTICLE{phiALICE,
   author = {{Tapia Takaki}, J.~D. and {ALICE Collaboration}},
    title = "{Prospects for phi meson production in pp collisions at the ALICE experiment}",
  journal = {Journal of Physics G Nuclear Physics},
archivePrefix = "arXiv",
   eprint = {0801.1152},
 primaryClass = "hep-ex",
     year = 2008,
    month = apr,
   volume = 35,
   number = 4,
      eid = {044058},
    pages = {044058},
      doi = {10.1088/0954-3899/35/4/044058},
   adsurl = {http://adsabs.harvard.edu/abs/2008JPhG...35d4058T},
  adsnote = {Provided by the SAO/NASA Astrophysics Data System}
},

@book{bible,
    author    = "Bengt Friman \and Claudia Höhne \and Jön Knoll \and Stefan Leupold \and Jorgen Randrup \and Ralf Rapp \and Peter Senger",
    title     = "The CBM Physics Book",
    publisher = "Springer",
    %volume   = "814",
    %number   = "",
    %series   = "",
    %address  = "",
    %edition  = "",
    year      = "2011",
    %month    = "",
    %note     = "Lecture Notes in Physics",
}

