%% LaTeX2e file `gsi.bib'
%% generated by the `filecontents' environment
%% from source `gsi' on 2017/07/26.
%%
@article{2008JPhG...35d4058T,
 author = {{Tapia Takaki}, J.~D. and {ALICE Collaboration}},
 title = "{Prospects for phi meson production in pp collisions at the ALICE experiment}",
 journal = {Journal of Physics G Nuclear Physics},
 archivePrefix = "arXiv",
 eprint = {0801.1152},
 primaryClass = "hep-ex",
 year = 2008,
 month = apr,
 volume = 35,
 number = 4,
 eid = {044058},
 pages = {044058},
 doi = {10.1088/0954-3899/35/4/044058},
 adsurl = {http://adsabs.harvard.edu/abs/2008JPhG...35d4058T},
 adsnote = {Provided by the SAO/NASA Astrophysics Data System}
}
